<record><leader>00000cas a2200000 a 4500</leader><controlfield tag="001">33257510</controlfield><controlfield tag="008">951006d19951996nyuwn ne      0   a0eng c</controlfield><datafield ind1=" " ind2=" " tag="010"><subfield code="a">sn 95003503 </subfield></datafield><datafield ind1=" " ind2=" " tag="040"><subfield code="a">NSD</subfield><subfield code="b">eng</subfield><subfield code="c">NSD</subfield><subfield code="d">NYS</subfield><subfield code="d">OCLCQ</subfield><subfield code="d">OCLCF</subfield><subfield code="d">OCLCO</subfield></datafield><datafield ind1=" " ind2=" " tag="012"><subfield code="m">1</subfield></datafield><datafield ind1="1" ind2=" " tag="022"><subfield code="a">1085-083X</subfield><subfield code="l">1085-083X</subfield><subfield code="2">1</subfield></datafield><datafield ind1="1" ind2=" " tag="029"><subfield code="a">AU@</subfield><subfield code="b">000012203971</subfield></datafield><datafield ind1=" " ind2=" " tag="032"><subfield code="a">205860</subfield><subfield code="b">USPS</subfield></datafield><datafield ind1=" " ind2=" " tag="042"><subfield code="a">nsdp</subfield><subfield code="a">pcc</subfield></datafield><datafield ind1=" " ind2=" " tag="043"><subfield code="a">n-us-ny</subfield></datafield><datafield ind1="0" ind2=" " tag="130"><subfield code="a">Fort Covington sun (Fort Covington, N.Y. : 1995)</subfield></datafield><datafield ind1=" " ind2="4" tag="222"><subfield code="a">The Fort Covington sun</subfield><subfield code="b">(1995)</subfield></datafield><datafield ind1="1" ind2="4" tag="245"><subfield code="a">The Fort Covington sun.</subfield></datafield><datafield ind1=" " ind2=" " tag="260"><subfield code="a">Covington, N.Y. :</subfield><subfield code="b">Fort Covington Sun, Inc.</subfield></datafield><datafield ind1=" " ind2=" " tag="300"><subfield code="a">v.</subfield></datafield><datafield ind1=" " ind2=" " tag="310"><subfield code="a">Weekly (except between Christmas and New Year)</subfield></datafield><datafield ind1="1" ind2=" " tag="362"><subfield code="a">Ceased in Jan. 1996?</subfield></datafield><datafield ind1=" " ind2=" " tag="588"><subfield code="a">Description based on: Vol. 110, no. 36 (Sept. 1995).</subfield></datafield><datafield ind1=" " ind2="0" tag="651"><subfield code="a">Fort Covington (N.Y.)</subfield><subfield code="v">Newspapers.</subfield></datafield><datafield ind1=" " ind2="0" tag="651"><subfield code="a">Franklin County (N.Y.)</subfield><subfield code="v">Newspapers.</subfield></datafield><datafield ind1=" " ind2="7" tag="655"><subfield code="a">Newspapers.</subfield><subfield code="2">fast</subfield><subfield code="0">(OCoLC)fst01423814</subfield></datafield><datafield ind1=" " ind2="7" tag="651"><subfield code="a">New York (State)</subfield><subfield code="z">Fort Covington.</subfield><subfield code="2">fast</subfield><subfield code="0">(OCoLC)fst01261154</subfield></datafield><datafield ind1=" " ind2="7" tag="651"><subfield code="a">New York (State)</subfield><subfield code="z">Franklin County.</subfield><subfield code="2">fast</subfield><subfield code="0">(OCoLC)fst01212304</subfield></datafield><datafield ind1=" " ind2=" " tag="752"><subfield code="a">United States</subfield><subfield code="b">New York</subfield><subfield code="c">Franklin</subfield><subfield code="d">Fort Covington.</subfield></datafield><datafield ind1="0" ind2="0" tag="780"><subfield code="t">Sun (Fort Covington, N.Y. : 1993)</subfield><subfield code="x">1072-8619</subfield><subfield code="w">(DLC)sn 93063601</subfield><subfield code="w">(OCoLC)28059845</subfield></datafield></record>